
@book{braess2007finite,
  title={Finite elements: {T}heory, fast solvers, and applications in solid mechanics},
  author={Braess, Dietrich},
  year={2007},
  publisher={Cambridge University Press}
}


@article{humbert2005parameter,
  title={Parameter sensitivity studies for the ice flow of the {Ross Ice Shelf, Antarctica}},
  author={Humbert, Angelika and Greve, Ralf and Hutter, Kolumban},
  journal={Journal of Geophysical Research: Earth Surface},
  volume={110},
  number={F4},
  year={2005},
  publisher={Wiley Online Library}
}


@book{greve2009dynamics,
  title={Dynamics of ice sheets and glaciers},
  author={Greve, Ralf and Blatter, Heinz},
  year={2009},
  publisher={Springer Science \& Business Media}
}


@book{donea2003finite,
  title={Finite element methods for flow problems},
  author={Donea, Jean and Huerta, Antonio},
  year={2003},
  publisher={John Wiley \& Sons}
}


@article{aschwanden2012enthalpy,
  title={An enthalpy formulation for glaciers and ice sheets},
  author={Aschwanden, Andy and Bueler, Ed and Khroulev, Constantine and Blatter, Heinz},
  journal={Journal of Glaciology},
  volume={58},
  number={209},
  pages={441--457},
  year={2012},
  publisher={Cambridge University Press}
}


@article{gagliardini2013capabilities,
  title={{Capabilities and performance of Elmer/Ice, a new-generation ice sheet model}},
  author={Gagliardini, O and Zwinger, T and Gillet-Chaulet, F and Durand, G and Favier, L and De Fleurian, B and Greve, R and Malinen, M and Mart{\'\i}n, C and R{\aa}back, P and others},
  journal={Geoscientific Model Development},
  volume={6},
  number={4},
  pages={1299--1318},
  year={2013},
  publisher={Copernicus GmbH}
}


@article{hewitt2017models,
  title={Models for polythermal ice sheets and glaciers},
  author={Hewitt, Ian J and Schoof, Christian},
  journal={The Cryosphere},
  volume={11},
  number={1},
  pages={541--551},
  year={2017},
  publisher={Copernicus GmbH}
}


@article{schoof2016model,
  title={A model for polythermal ice incorporating gravity-driven moisture transport},
  author={Schoof, C and Hewitt, IJ},
  journal={Journal of fluid mechanics},
  volume={797},
  pages={504--535},
  year={2016},
  publisher={Cambridge University Press}
}


@article{moreno2024analytical,
  title={Analytical solutions for the advective--diffusive ice column in the presence of strain heating},
  author={Moreno-Parada, Daniel and Robinson, Alexander and Montoya, Marisa and Alvarez-Solas, Jorge},
  journal={The Cryosphere},
  volume={18},
  number={9},
  pages={4215--4232},
  year={2024},
  publisher={Copernicus Publications G{\"o}ttingen, Germany}
}


@article{rezvanbehbahani2019improved,
  title={An improved analytical solution for the temperature profile of ice sheets},
  author={Rezvanbehbahani, Soroush and Van der Veen, CJ and Stearns, Leigh A},
  journal={Journal of Geophysical Research: Earth Surface},
  volume={124},
  number={2},
  pages={271--286},
  year={2019},
  publisher={Wiley Online Library}
}
